# In this file you can add all the bibliography you use in your project.


% @misc{Apple,
%   title    = {Apple Vision Pro},
%   url      = {https://www.apple.com/apple-vision-pro/},
%   journal  = {Apple},
%   author   = {Apple},
%   language = {en-US},
%   year     = {2023},
%   note     = {Abrufdatum: Jul. 24, 2023}
% }
